@book{Tung1985,
  title     = {Group theory in physics: An introduction to symmetry principles,
               group representations, and special functions in classical and
               quantum physics},
  author    = {Tung, Wu-Ki},
  publisher = {World Scientific Publishing},
  month     = jan,
  year      = 1985,
  address   = {Singapore, Singapore}
}
