@book{Axler2024,
  title = {Linear Algebra Done Right},
  ISBN = {9783031410260},
  ISSN = {2197-5604},
  url = {http://dx.doi.org/10.1007/978-3-031-41026-0},
  DOI = {10.1007/978-3-031-41026-0},
  journal = {Undergraduate Texts in Mathematics},
  publisher = {Springer International Publishing},
  author = {Axler,  Sheldon},
  year = {2024}
}

@book{Zwiebach2022,
  title={Mastering Quantum Mechanics: Essentials, Theory, and Applications},
  author={Zwiebach, B.},
  isbn={9780262366892},
  url={https://books.google.com/books?id=O_E3EAAAQBAJ},
  year={2022},
  publisher={MIT Press}
}

@book{Strang2006,
  title={Linear Algebra and Its Applications},
  author={Strang, G.},
  isbn={9780534422004},
  lccn={2005923623},
  url={https://books.google.com/books?id=q9CaAAAACAAJ},
  year={2006},
  publisher={Thomson, Brooks/Cole}
}

@article{Ville2017,
	title={{A Short Introduction to Topological Quantum Computation}},
	author={Ville Lahtinen and Jiannis K. Pachos},
	journal={SciPost Phys.},
	volume={3},
	pages={021},
	year={2017},
	publisher={SciPost},
	doi={10.21468/SciPostPhys.3.3.021},
	url={https://scipost.org/10.21468/SciPostPhys.3.3.021},
}

@article{Trebst2008,
  title = {A Short Introduction to Fibonacci Anyon Models},
  volume = {176},
  ISSN = {0375-9687},
  url = {http://dx.doi.org/10.1143/PTPS.176.384},
  DOI = {10.1143/ptps.176.384},
  journal = {Progress of Theoretical Physics Supplement},
  publisher = {Oxford University Press (OUP)},
  author = {Trebst,  Simon and Troyer,  Matthias and Wang,  Zhenghan and Ludwig,  Andreas W. W.},
  year = {2008},
  pages = {384–407}
}

@misc{Datta2022,
  doi       = {10.48550/ARXIV.2209.10826},
  url       = {https://arxiv.org/abs/2209.10826},
  author    = {Datta,  Amitesh},
  keywords  = {Representation Theory (math.RT),  Group Theory (math.GR),  Geometric Topology (math.GT),  Quantum Algebra (math.QA),  FOS: Mathematics,  FOS: Mathematics,  20F36 (Primary),  20C08,  20H25,  57K14 (Secondary)},
  title     = {A strong characterization of the entries of the Burau matrices of $4$-braids: The Burau representation of the braid group $B_4$ is faithful almost everywhere},
  publisher = {arXiv},
  year      = {2022},
  copyright = {arXiv.org perpetual,  non-exclusive license}
}

@article{Bernard2018,
  doi       = {10.48550/ARXIV.1802.06176},
  url       = {https://arxiv.org/abs/1802.06176},
  author    = {Field,  Bernard and Simula,  Tapio},
  keywords  = {Quantum Physics (quant-ph),  Quantum Gases (cond-mat.quant-gas),  FOS: Physical sciences,  FOS: Physical sciences},
  title     = {Introduction to topological quantum computation with non-Abelian anyons},
  publisher = {arXiv},
  year      = {2018},
  copyright = {arXiv.org perpetual,  non-exclusive license}
}

@article{Bolotin2009,
  title     = {Observation of the fractional quantum Hall effect in graphene},
  volume    = {462},
  issn      = {1476-4687},
  url       = {http://dx.doi.org/10.1038/nature08582},
  doi       = {10.1038/nature08582},
  number    = {7270},
  journal   = {Nature},
  publisher = {Springer Science and Business Media LLC},
  author    = {Bolotin,  Kirill I. and Ghahari,  Fereshte and Shulman,  Michael D. and Stormer,  Horst L. and Kim,  Philip},
  year      = {2009},
  month     = nov,
  pages     = {196–199}
}

@book{Taylor2005,
  title     = {Classical Mechanics},
  author    = {John R. Taylor},
  publisher = {University Science Books},
  year      = {2005},
  month     = {1},
  day       = {1},
  date      = {2005-01-01},
  edition   = {Board book},
  language  = {English},
  pages     = {786},
  keywords  = {Physics of Mechanics, Textbook Rental ASINs, Citi Free One-Day Shipping, 34875086-8a6a-4dfe-b095-4d85fb30b3ba_3501, Mechanics},
  isbn      = {978-1891389221},
  isbn10    = {9781891389221},
  url       = {https://lead.to/amazon/com/?op=bt&la=en&cu=usd&key=189138922X},
  url-am    = {https://www.amazon.com/dp/189138922X/},
  url-go    = {https://books.google.com/books?isbn=9781891389221},
  url-wo    = {https://www.worldcat.org/search?qt=l2a&q=isbn%3A9781891389221},
  price     = {$89.30},
  condition = {New},
  timestamp = {2024-05-06}
}

@article{Palmer2022,
  doi       = {10.48550/ARXIV.2109.11468},
  url       = {https://arxiv.org/abs/2109.11468},
  author    = {Palmer,  Martin and Soulié,  Arthur},
  keywords  = {Geometric Topology (math.GT),  Algebraic Topology (math.AT),  FOS: Mathematics,  FOS: Mathematics,  20C12,  20F36,  20J05,  57M07,  57M10},
  title     = {The Burau representations of loop braid groups},
  publisher = {arXiv},
  year      = {2021},
  copyright = {arXiv.org perpetual,  non-exclusive license}
}

@book{Griffiths2017,
  title     = {Introduction to Electrodynamics},
  isbn      = {9781108420419},
  url       = {http://dx.doi.org/10.1017/9781108333511},
  doi       = {10.1017/9781108333511},
  publisher = {Cambridge University Press},
  author    = {Griffiths,  David J.},
  year      = {2017},
  month     = jun
}

@book{Hall2013,
  title     = {Quantum Theory for Mathematicians},
  isbn      = {9781461471165},
  issn      = {2197-5612},
  url       = {http://dx.doi.org/10.1007/978-1-4614-7116-5},
  doi       = {10.1007/978-1-4614-7116-5},
  journal   = {Graduate Texts in Mathematics},
  publisher = {Springer New York},
  author    = {Hall,  Brian C.},
  year      = {2013}
}

@book{Griffiths2018,
  title     = {Introduction to Quantum Mechanics},
  isbn      = {9781107189638},
  url       = {http://dx.doi.org/10.1017/9781316995433},
  doi       = {10.1017/9781316995433},
  publisher = {Cambridge University Press},
  author    = {Griffiths,  David J. and Schroeter,  Darrell F.},
  year      = {2018},
  month     = aug
}

@article{Wilczek1982,
  title     = {Quantum Mechanics of Fractional-Spin Particles},
  volume    = {49},
  issn      = {0031-9007},
  url       = {http://dx.doi.org/10.1103/PhysRevLett.49.957},
  doi       = {10.1103/physrevlett.49.957},
  number    = {14},
  journal   = {Physical Review Letters},
  publisher = {American Physical Society (APS)},
  author    = {Wilczek,  Frank},
  year      = {1982},
  month     = oct,
  pages     = {957–959}
}
@article{Nayak2008,
  title     = {Non-Abelian anyons and topological quantum computation},
  volume    = {80},
  issn      = {1539-0756},
  url       = {http://dx.doi.org/10.1103/RevModPhys.80.1083},
  doi       = {10.1103/revmodphys.80.1083},
  number    = {3},
  journal   = {Reviews of Modern Physics},
  publisher = {American Physical Society (APS)},
  author    = {Nayak,  Chetan and Simon,  Steven H. and Stern,  Ady and Freedman,  Michael and Das Sarma,  Sankar},
  year      = {2008},
  month     = sep,
  pages     = {1083–1159}
}

@book{Moriyasu1983,
  title     = {An Elementary Primer for Gauge Theory},
  isbn      = {9789814338936},
  url       = {http://dx.doi.org/10.1142/0049},
  doi       = {10.1142/0049},
  publisher = {WORLD SCIENTIFIC},
  author    = {Moriyasu,  K},
  year      = {1983},
  month     = oct
}

@misc{Date2003,
  doi       = {10.48550/ARXIV.COND-MAT/0302019},
  url       = {https://arxiv.org/abs/cond-mat/0302019},
  author    = {Date,  G. and Murthy,  M. V. N. and Vathsan,  Radhika},
  keywords  = {Condensed Matter (cond-mat),  FOS: Physical sciences,  FOS: Physical sciences},
  title     = {Classical and Quantum Mechanics of Anyons},
  publisher = {arXiv},
  year      = {2003},
  copyright = {Assumed arXiv.org perpetual,  non-exclusive license to distribute this article for submissions made before January 2004}
}

@book{Khare2005,
  title     = {Fractional Statistics and Quantum Theory},
  isbn      = {9789812567758},
  url       = {http://dx.doi.org/10.1142/5752},
  doi       = {10.1142/5752},
  publisher = {WORLD SCIENTIFIC},
  author    = {Khare,  Avinash},
  year      = {2005},
  month     = feb
}

@article{Squier1984,
  title     = {The Burau representation is unitary},
  volume    = {90},
  issn      = {1088-6826},
  url       = {http://dx.doi.org/10.1090/S0002-9939-1984-0727232-8},
  doi       = {10.1090/s0002-9939-1984-0727232-8},
  number    = {2},
  journal   = {Proceedings of the American Mathematical Society},
  publisher = {American Mathematical Society (AMS)},
  author    = {Squier,  Craig C.},
  year      = {1984},
  pages     = {199–202}
}

@misc{Delaney2016,
  doi       = {10.48550/ARXIV.1604.06429},
  url       = {https://arxiv.org/abs/1604.06429},
  author    = {Delaney,  Colleen and Rowell,  Eric C. and Wang,  Zhenghan},
  keywords  = {Quantum Algebra (math.QA),  FOS: Mathematics,  FOS: Mathematics},
  title     = {Local unitary representations of the braid group and their applications to quantum computing},
  publisher = {arXiv},
  year      = {2016},
  copyright = {arXiv.org perpetual,  non-exclusive license}
}

@book{Tung1985,
  title     = {Group theory in physics: An introduction to symmetry principles,
               group representations, and special functions in classical and
               quantum physics},
  author    = {Tung, Wu-Ki},
  publisher = {World Scientific Publishing},
  month     = jan,
  year      = 1985,
  address   = {Singapore, Singapore}
}

@misc{Thiffeault2022,
  author       = {Jean-Luc Thiffeault},
  howpublished = {Presentation given at Topological Methods in Mathematical Physics 2022, Seminar {GEOTOP}-{A}},
  url          = {https://seminargeotop-a.com/event-talks/117},
  title        = {The Burau representation of the braid group and its application to dynamics},
  year         = {2022},
  month        = {September}
}

@misc{Deshmukh,
  url       = {https://phas.ubc.ca/~berciu/TEACHING/PHYS502/PROJECTS/20-Anyons-AD2.pdf},
  title     = {An introduction to anyons},
  publisher = {University of British Columbia},
  author    = {Deshmukh, Avinash}
} 

@inbook{Kassel2008,
  title     = {Homological Representations of the Braid Groups},
  isbn      = {9780387685489},
  issn      = {0072-5285},
  url       = {http://dx.doi.org/10.1007/978-0-387-68548-9_3},
  doi       = {10.1007/978-0-387-68548-9_3},
  booktitle = {Braid Groups},
  publisher = {Springer New York},
  author    = {Kassel,  Christian and Turaev,  Vladimir},
  year      = {2008},
  pages     = {93–150}
}

@misc{Rolfsen2010,
  doi       = {10.48550/ARXIV.1010.4051},
  url       = {https://arxiv.org/abs/1010.4051},
  author    = {Rolfsen,  Dale},
  keywords  = {Algebraic Topology (math.AT),  Group Theory (math.GR),  FOS: Mathematics,  FOS: Mathematics},
  title     = {Tutorial on the braid groups},
  publisher = {arXiv},
  year      = {2010},
  copyright = {arXiv.org perpetual,  non-exclusive license}
}

@misc{Gonzalez2010,
  doi       = {10.48550/ARXIV.1010.0321},
  url       = {https://arxiv.org/abs/1010.0321},
  author    = {Gonzalez-Meneses,  Juan},
  keywords  = {Geometric Topology (math.GT),  Group Theory (math.GR),  FOS: Mathematics,  FOS: Mathematics,  20F36},
  title     = {Basic results on braid groups},
  publisher = {arXiv},
  year      = {2010},
  copyright = {arXiv.org perpetual,  non-exclusive license}
}

@article{Artin1947,
  title     = {Theory of Braids},
  volume    = {48},
  issn      = {0003-486X},
  url       = {http://dx.doi.org/10.2307/1969218},
  doi       = {10.2307/1969218},
  number    = {1},
  journal   = {The Annals of Mathematics},
  publisher = {JSTOR},
  author    = {Artin,  E.},
  year      = {1947},
  month     = jan,
  pages     = {101}
}

@book{Fulton1997,
  title     = {Algebraic Topology: A First Course},
  author    = {Fulton, W.},
  isbn      = {9780387943275},
  lccn      = {94021786},
  series    = {Graduate Texts in Mathematics},
  url       = {https://books.google.com/books?id=4khJg2wSxeMC},
  year      = {1997},
  publisher = {Springer New York}
}

@article{Burau1935,
  title = {\"{U}ber Zopfgruppen und gleichsinnig verdrillte Verkettungen},
  volume = {11},
  ISSN = {1865-8784},
  url = {http://dx.doi.org/10.1007/BF02940722},
  DOI = {10.1007/bf02940722},
  number = {1},
  journal = {Abhandlungen aus dem Mathematischen Seminar der Universit\"{a}t Hamburg},
  publisher = {Springer Science and Business Media LLC},
  author = {Burau,  Werner},
  year = {1935},
  month = dec,
  pages = {179–186}
}